<record><leader>00000cas a2200000 a 4500</leader><controlfield tag="001">14120699</controlfield><controlfield tag="008">860821d18861889vaudr ne      0   a0eng  </controlfield><datafield ind1=" " ind2=" " tag="010"><subfield code="a">sn 86071854 </subfield></datafield><datafield ind1=" " ind2=" " tag="040"><subfield code="a">DLC</subfield><subfield code="b">eng</subfield><subfield code="c">DLC</subfield><subfield code="d">NVK</subfield><subfield code="d">DLC</subfield><subfield code="d">CUI</subfield><subfield code="d">NVK</subfield><subfield code="d">OCLCQ</subfield><subfield code="d">OCLCF</subfield></datafield><datafield ind1=" " ind2=" " tag="012"><subfield code="l">a</subfield></datafield><datafield ind1="1" ind2=" " tag="022"><subfield code="a">2157-5029</subfield><subfield code="2">1</subfield></datafield><datafield ind1="1" ind2=" " tag="029"><subfield code="a">AU@</subfield><subfield code="b">000020428732</subfield></datafield><datafield ind1=" " ind2=" " tag="042"><subfield code="a">pcc</subfield><subfield code="a">nsdp</subfield></datafield><datafield ind1=" " ind2=" " tag="043"><subfield code="a">n-us-va</subfield></datafield><datafield ind1="0" ind2="0" tag="050"><subfield code="a">Newspaper</subfield></datafield><datafield ind1=" " ind2="4" tag="050"><subfield code="a">AN</subfield></datafield><datafield ind1="0" ind2=" " tag="130"><subfield code="a">Daily times (Richmond, Va.)</subfield></datafield><datafield ind1=" " ind2="4" tag="222"><subfield code="a">The Daily times</subfield><subfield code="b">(Richmond, Va.)</subfield></datafield><datafield ind1="1" ind2="4" tag="245"><subfield code="a">The Daily times.</subfield></datafield><datafield ind1=" " ind2=" " tag="260"><subfield code="a">Richmond, Va. :</subfield><subfield code="b">Times Pub. Co.,</subfield><subfield code="c">1886-1889.</subfield></datafield><datafield ind1=" " ind2=" " tag="300"><subfield code="a">v. :</subfield><subfield code="b">ill.</subfield></datafield><datafield ind1=" " ind2=" " tag="310"><subfield code="a">Daily (except Monday)</subfield></datafield><datafield ind1="0" ind2=" " tag="362"><subfield code="a">No. 1 (Oct. 22, 1886)-v. 4, no. 1152 (Dec. 31, 1889).</subfield></datafield><datafield ind1=" " ind2=" " tag="530"><subfield code="a">Also issued on microfilm from Bell &amp; Howell, Micro Photo Div.</subfield></datafield><datafield ind1=" " ind2=" " tag="530"><subfield code="a">Archived issues are available in digital format as part of the Library of Congress Chronicling America online collection.</subfield></datafield><datafield ind1=" " ind2="0" tag="651"><subfield code="a">Richmond (Va.)</subfield><subfield code="v">Newspapers.</subfield></datafield><datafield ind1=" " ind2="7" tag="655"><subfield code="a">Newspapers.</subfield><subfield code="2">fast</subfield><subfield code="0">(OCoLC)fst01423814</subfield></datafield><datafield ind1=" " ind2="7" tag="651"><subfield code="a">Virginia</subfield><subfield code="z">Richmond.</subfield><subfield code="2">fast</subfield><subfield code="0">(OCoLC)fst01205345</subfield></datafield><datafield ind1=" " ind2=" " tag="752"><subfield code="a">United States</subfield><subfield code="b">Virginia</subfield><subfield code="d">Richmond.</subfield></datafield><datafield ind1="0" ind2=" " tag="775"><subfield code="t">Weekly times (Richmond, Va. : 1886)</subfield><subfield code="w">(DLC)sn 84024693</subfield><subfield code="w">(OCoLC)11013619</subfield></datafield><datafield ind1="0" ind2="5" tag="780"><subfield code="t">Richmond Whig (Richmond, Va. : 1886)</subfield><subfield code="w">(DLC)sn 86071867</subfield><subfield code="w">(OCoLC)14157220</subfield></datafield><datafield ind1="0" ind2="0" tag="785"><subfield code="t">Times (Richmond, Va.)</subfield><subfield code="x">1941-2959</subfield><subfield code="w">(DLC)sn 85034438</subfield><subfield code="w">(OCoLC)12868989</subfield></datafield><datafield ind1="4" ind2="1" tag="856"><subfield code="u">http://www.loc.gov/chroniclingamerica/lccn/sn86071854/issues</subfield></datafield><datafield ind1="4" ind2="1" tag="856"><subfield code="u">http://www.virginiachronicle.com/</subfield></datafield></record>